<record><leader>00000cas a22000007a 4500</leader><controlfield tag="001">10670948</controlfield><controlfield tag="008">840427d18411842nhudn ne      0    0eng d</controlfield><controlfield tag="009">3768</controlfield><datafield ind1=" " ind2=" " tag="010"><subfield code="a">sn 84022904 </subfield></datafield><datafield ind1=" " ind2=" " tag="040"><subfield code="a">NPX</subfield><subfield code="b">eng</subfield><subfield code="c">NPX</subfield><subfield code="d">DLC</subfield><subfield code="d">NVH</subfield><subfield code="d">KRTAS</subfield></datafield><datafield ind1="1" ind2=" " tag="029"><subfield code="a">AU@</subfield><subfield code="b">000025818713</subfield></datafield><datafield ind1=" " ind2=" " tag="042"><subfield code="a">msc</subfield></datafield><datafield ind1="0" ind2="0" tag="050"><subfield code="a">Newspaper 8701-X</subfield></datafield><datafield ind1="0" ind2="0" tag="245"><subfield code="a">Hill's daily patriot.</subfield></datafield><datafield ind1=" " ind2=" " tag="260"><subfield code="a">Concord, N.H. :</subfield><subfield code="b">William P. &amp; John M. Hill,</subfield></datafield><datafield ind1=" " ind2=" " tag="300"><subfield code="a">v.</subfield></datafield><datafield ind1=" " ind2=" " tag="310"><subfield code="a">Daily (during sessions of the Legislature)</subfield></datafield><datafield ind1="0" ind2=" " tag="362"><subfield code="a">Vol. 1, no. 1 (June 3, 1841)-</subfield></datafield><datafield ind1="1" ind2=" " tag="362"><subfield code="a">Ceased in 1842.</subfield></datafield><datafield ind1=" " ind2=" " tag="580"><subfield code="a">Weekly ed.: Hill's New-Hampshire patriot.</subfield></datafield><datafield ind1=" " ind2=" " tag="752"><subfield code="a">United States</subfield><subfield code="b">New Hampshire</subfield><subfield code="c">Merrimack</subfield><subfield code="d">Concord.</subfield></datafield><datafield ind1="1" ind2=" " tag="775"><subfield code="t">Hill's New-Hampshire patriot</subfield><subfield code="w">(DLC)sn 84022903</subfield></datafield><datafield ind1=" " ind2=" " tag="938"><subfield code="a">Kirtas Technologies, Inc.</subfield><subfield code="b">KRTS</subfield><subfield code="n">738393</subfield></datafield></record>